Account Name       :                	Ms. Chetna  Mittal
Address            :	D/O: Bajrang Mittal, D-6/276, SECTOR-6 R
                                    	OHINI
                                    	Rohini Sector-7-110085
                                    	091:North
Date               :                	19 Dec 2023
Account Number     :	_00000039463187641
Account Description:	DIGITAL SAVING BANK -IND-INR
Branch             :	NEW DELHI ROHINI
Drawing Power      :	0.00
Interest Rate(% p.a.):	2.7
MOD Balance      :	0.00
CIF No.          :	_90584374538
IFS (Indian Financial System) Code         :	SBIN0031841
MICR (Magnetic Ink Character Recognition)  Code        :	_110002631
Nomination Registered    :	Yes 
Balance on 19 Jun 2023        :	33,800.33
Start Date          :	19 Jun 2023
End Date            :	19 Dec 2023
Txn Date	Value Date	Description	Ref No./Cheque No.	        Debit	Credit	Balance	
19 Jun 2023	19 Jun 2023	   ATM WDL-ATM CASH 9055  D8 SECTOR 6 ROHINI    DELHI--		15,000.00	 	18,800.33
19 Jun 2023	19 Jun 2023	   ATM WDL-ATM CASH 9057  D8 SECTOR 6 ROHINI    DELHI--		15,000.00	 	3,800.33
22 Jun 2023	22 Jun 2023	   BY TRANSFER-UPI/CR/353943842807/MOHD   A/KKBK/aksamahmed/UPI--	TRANSFER FROM 4897735162098	 	400.00	4,200.33
22 Jun 2023	22 Jun 2023	   TO TRANSFER-UPI/DR/353927078744/Drishti /SBIN/9335870720/NA--	TRANSFER TO 4897693162093	400.00	 	3,800.33
25 Jun 2023	25 Jun 2023	   BY TRANSFER-UPI/CR/317611616359/MANISH K/HDFC/manishkano/UPI--	TRANSFER FROM 4897738162095	 	12,000.00	15,800.33
25 Jun 2023	25 Jun 2023	   CREDIT INTEREST---		 	109.00	15,909.33
26 Jun 2023	26 Jun 2023	   TO TRANSFER-UPI/DR/317739914412/Jio Prep/PYTM/paytm-jiom/recha--	TRANSFER TO 4897690162095	155.00	 	15,754.33
27 Jun 2023	27 Jun 2023	   TO TRANSFER-UPI/DR/354494780093/Jio Prep/PYTM/paytm-jiom/UPI--	TRANSFER TO 4897691162095	155.00	 	15,599.33
29 Jun 2023	29 Jun 2023	   BY TRANSFER-UPI/CR/318004075300/Manish  /IDFB/manishkano/UPI--	TRANSFER FROM 4897735162098	 	12,000.00	27,599.33
30 Jun 2023	30 Jun 2023	   TO TRANSFER-UPI/DR/354764367781/Manish  /IDFB/manishkano/UPI--	TRANSFER TO 4897694162092	12,000.00	 	15,599.33
1 Jul 2023	1 Jul 2023	   TO TRANSFER-UPI/DR/354893022953/aksamahm/KKBK/aksamahmed/UPI--	TRANSFER TO 4897695162091	200.00	 	15,399.33
1 Jul 2023	1 Jul 2023	   BY TRANSFER-UPI/CR/318264924894/MOHD   A/KKBK/aksamahmed/UPI--	TRANSFER FROM 4897737162096	 	50.00	15,449.33
3 Jul 2023	3 Jul 2023	   TO TRANSFER-UPI/DR/318454800141/Add Mone/PYTM/add-money@/Oid20--	TRANSFER TO 4897690162095	16.00	 	15,433.33
3 Jul 2023	3 Jul 2023	   BY TRANSFER-UPI/CR/318412997541/RICHA MI/UTIB/9650049341/NA--	TRANSFER FROM 4897732162091	 	200.00	15,633.33
3 Jul 2023	3 Jul 2023	   TO TRANSFER-UPI/DR/318463044225/Paytm Me/PYTM/paytm-8736/Oid21--	TRANSFER TO 4897690162095	200.00	 	15,433.33
3 Jul 2023	3 Jul 2023	   BY TRANSFER-UPI/CR/355094192941/MOHD   A/KKBK/aksamahmed/UPI--	TRANSFER FROM 4897732162091	 	130.00	15,563.33
4 Jul 2023	4 Jul 2023	   BY TRANSFER-UPI/CR/318596617735/ANNAPOOR/IOBA/sakshivino/UPI--	TRANSFER FROM 4897733162090	 	5,000.00	20,563.33
4 Jul 2023	4 Jul 2023	   BY TRANSFER-NEFT*YESB0000001*YESB31852867801*ZERODHA BROKING L--	TRANSFER FROM 3199420044306	 	1,000.00	21,563.33
5 Jul 2023	5 Jul 2023	   ATM WDL-ATM CASH 1680  AYODHYA CHOWK         SARASWATI VIH--		500.00	 	21,063.33
6 Jul 2023	6 Jul 2023	   TO TRANSFER-UPI/DR/318753191640/manishka/IDFB/manishkano/UPI--	TRANSFER TO 4897693162093	4,000.00	 	17,063.33
7 Jul 2023	7 Jul 2023	   TO TRANSFER-UPI/DR/318819217572/ALANKRTI/HDFC/8448457725/NA--	TRANSFER TO 4897694162092	380.00	 	16,683.33
8 Jul 2023	8 Jul 2023	   BY TRANSFER-UPI/CR/355544923351/RICHA MI/UTIB/9650049341/NA--	TRANSFER FROM 4897737162096	 	130.00	16,813.33
9 Jul 2023	9 Jul 2023	   TO TRANSFER-UPI/DR/355651597519/Add Mone/PYTM/add-money@/Oid21--	TRANSFER TO 4897696162090	46.00	 	16,767.33
9 Jul 2023	9 Jul 2023	   TO TRANSFER-UPI/DR/355618741973/DEVENDER/YESB/Q956808354/NA--	TRANSFER TO 4897696162090	80.00	 	16,687.33
10 Jul 2023	10 Jul 2023	   BY TRANSFER-UPI/CR/319196508303/MANISH K/HDFC/manishkano/UPI--	TRANSFER FROM 4897732162091	 	2,000.00	18,687.33
10 Jul 2023	10 Jul 2023	   BY TRANSFER-UPI/CR/319103689181/MANISH K/HDFC/manishkano/UPI--	TRANSFER FROM 4897732162091	 	2,000.00	20,687.33
11 Jul 2023	11 Jul 2023	   BY TRANSFER-UPI/CR/319214916707/MOHD SHA/BARB/9891246507/NA--	TRANSFER FROM 4897733162090	 	7,000.00	27,687.33
11 Jul 2023	11 Jul 2023	   BY TRANSFER-UPI/CR/319253542255/POOJA SH/PUNB/poojasharm/5k an--	TRANSFER FROM 4897733162090	 	15,000.00	42,687.33
11 Jul 2023	11 Jul 2023	   TO TRANSFER-UPI/DR/319269391119/Country /PYTM/paytm-3185/Count--	TRANSFER TO 4897691162095	100.00	 	42,587.33
11 Jul 2023	11 Jul 2023	   BY TRANSFER-UPI/CR/355821513725/Prerna  /SBIN/9773651043/NA--	TRANSFER FROM 4897733162090	 	100.00	42,687.33
11 Jul 2023	11 Jul 2023	   TO TRANSFER-UPI/DR/355888131772/Classic /PYTM/paytm-6010/Oid20--	TRANSFER TO 4897691162095	60.00	 	42,627.33
13 Jul 2023	13 Jul 2023	   BY TRANSFER-UPI/CR/319404567537/RICHA MI/UTIB/9650049341/NA--	TRANSFER FROM 4897735162098	 	2,000.00	44,627.33
14 Jul 2023	14 Jul 2023	   TO TRANSFER-UPI/DR/356146699328/Rakesh C/UTIB/gpay-11227/NA--	TRANSFER TO 4897694162092	110.00	 	44,517.33
17 Jul 2023	17 Jul 2023	   TO TRANSFER-UPI/DR/319856756847/Jio Prep/PYTM/paytm-jiom/NA--	TRANSFER TO 4897690162095	155.00	 	44,362.33
17 Jul 2023	17 Jul 2023	   TO TRANSFER-UPI/DR/356412563838/Jio Prep/PYTM/paytm-jiom/UPI--	TRANSFER TO 4897690162095	155.00	 	44,207.33
20 Jul 2023	20 Jul 2023	   BY TRANSFER-UPI/CR/320116718297/RICHA MI/UTIB/9650049341/NA--	TRANSFER FROM 4897735162098	 	110.00	44,317.33
22 Jul 2023	22 Jul 2023	   BY TRANSFER-UPI/CR/356930775226/PUSHKAR /HDFC/8800912375/NA--	TRANSFER FROM 4897737162096	 	100.00	44,417.33
22 Jul 2023	22 Jul 2023	   BY TRANSFER-UPI/CR/320345799362/PUSHKAR /HDFC/8800912375/NA--	TRANSFER FROM 4897737162096	 	1,900.00	46,317.33
24 Jul 2023	24 Jul 2023	   TO TRANSFER-UPI/DR/357117698395/BABLU DH/YESB/Q679462594/NA--	TRANSFER TO 4897690162095	30.00	 	46,287.33
24 Jul 2023	24 Jul 2023	   TO TRANSFER-UPI/DR/320577148022/MOHD   A/KKBK/aksamahmed/UPI--	TRANSFER TO 4897690162095	2,000.00	 	44,287.33
24 Jul 2023	24 Jul 2023	   BY TRANSFER-UPI/CR/320528281040/MOHD   A/KKBK/aksamahmed/UPI--	TRANSFER FROM 4897732162091	 	260.00	44,547.33
24 Jul 2023	24 Jul 2023	   TO TRANSFER-UPI/DR/320569912996/Add Mone/PYTM/add-money@/Oid20--	TRANSFER TO 4897690162095	124.00	 	44,423.33
24 Jul 2023	24 Jul 2023	   TO TRANSFER-UPI/DR/320582885002/SANTOSH /PYTM/paytm-7858/Oid20--	TRANSFER TO 4897690162095	15.00	 	44,408.33
24 Jul 2023	24 Jul 2023	   TO TRANSFER-UPI/DR/320561445379/Paytm Me/PYTM/paytm-8736/Oid21--	TRANSFER TO 4897690162095	100.00	 	44,308.33
25 Jul 2023	25 Jul 2023	   TO TRANSFER-INB Reliance Payment Solution BILL_RPSL Payments--	YSBI2009552672IGAPXXLEI1               TRANSFER TO	155.00	 	44,153.33
25 Jul 2023	25 Jul 2023	   BY TRANSFER-UPI/CR/320674413808/MOHD   A/KKBK/aksamahmed/UPI--	TRANSFER FROM 4897733162090	 	300.00	44,453.33
25 Jul 2023	25 Jul 2023	   TO TRANSFER-UPI/DR/357214991912/HET RAM/YESB/Q712110512/NA--	TRANSFER TO 4897691162095	30.00	 	44,423.33
27 Jul 2023	27 Jul 2023	   TO TRANSFER-UPI/DR/357472900660/PANKAJ T/PYTM/pay9958087/Oid20--	TRANSFER TO 4897693162093	60.00	 	44,363.33
27 Jul 2023	27 Jul 2023	   TO TRANSFER-UPI/DR/357485680482/VIVEK KU/PYTM/paytmqr174/Oid20--	TRANSFER TO 4897693162093	65.00	 	44,298.33
27 Jul 2023	27 Jul 2023	   TO TRANSFER-UPI/DR/320842544141/Reena Ch/PYTM/paytmqr281/Oid20--	TRANSFER TO 4897693162093	10.00	 	44,288.33
28 Jul 2023	28 Jul 2023	   TO TRANSFER-UPI/DR/357553374812/Add Mone/PYTM/add-money@/Oid10--	TRANSFER TO 4897694162092	31.90	 	44,256.43
31 Jul 2023	31 Jul 2023	   BY TRANSFER-UPI/CR/321205122409/RICHA MI/UTIB/9650049341/NA--	TRANSFER FROM 4897732162091	 	1,000.00	45,256.43
2 Aug 2023	2 Aug 2023	   TO TRANSFER-UPI/DR/358009757214/Zerodha/YESB/zerodhabro/646507--	TRANSFER TO 4897692162094	1,500.00	 	43,756.43
2 Aug 2023	2 Aug 2023	   TO TRANSFER-UPI/DR/358009894414/Zerodha /HDFC/zerodhabro/33506--	TRANSFER TO 4897692162094	900.00	 	42,856.43
2 Aug 2023	2 Aug 2023	   TO TRANSFER-UPI/DR/358009914784/Zerodha /HDFC/zerodhabro/29991--	TRANSFER TO 4897692162094	100.00	 	42,756.43
2 Aug 2023	2 Aug 2023	   TO TRANSFER-UPI/DR/321476426929/MOHD   A/KKBK/aksamahmed/UPI--	TRANSFER TO 4897692162094	2,000.00	 	40,756.43
3 Aug 2023	3 Aug 2023	   TO TRANSFER-UPI/DR/321553370993/Paytm Me/PYTM/paytm-8736/Oid21--	TRANSFER TO 4897693162093	100.00	 	40,656.43
3 Aug 2023	3 Aug 2023	   BY TRANSFER-UPI/CR/358182640089/MOHD   A/KKBK/aksamahmed/UPI--	TRANSFER FROM 4897735162098	 	2,000.00	42,656.43
4 Aug 2023	4 Aug 2023	   TO TRANSFER-UPI/DR/321673684882/Mrs SWAT/PYTM/paytm-5200/Oid20--	TRANSFER TO 4897694162092	60.00	 	42,596.43
5 Aug 2023	5 Aug 2023	   BY TRANSFER-UPI/CR/358316618045/SUNDARAM/UTIB/9650905457/NA--	TRANSFER FROM 4897737162096	 	24,500.00	67,096.43
7 Aug 2023	7 Aug 2023	   TO TRANSFER-UPI/DR/321931271873/Sundaram/UTIB/9650905457/UPI--	TRANSFER TO 4897690162095	20,000.00	 	47,096.43
9 Aug 2023	9 Aug 2023	   TO TRANSFER-UPI/DR/322192610995/POOJA  S/KKBK/poojasharm/UPI--	TRANSFER TO 4897692162094	20,000.00	 	27,096.43
9 Aug 2023	9 Aug 2023	   TO TRANSFER-UPI/DR/322132820274/eazypay/ICIC/eazypayweb/bill--	TRANSFER TO 4897692162094	250.00	 	26,846.43
9 Aug 2023	9 Aug 2023	   CSH DEP (CDM)-CDM6040108SECTOR-7, ROHINI      NORTH WEST   DL IN--		 	50,500.00	77,346.43
10 Aug 2023	10 Aug 2023	   TO TRANSFER-UPI/DR/322239609103/SBIMOPS/SBIN/sbimops@sb/MOPSUP--	TRANSFER TO 4897693162093	300.00	 	77,046.43
11 Aug 2023	11 Aug 2023	   BY TRANSFER-UPI/CR/322380725581/SUNDARAM/UTIB/9650905457/Payme--	TRANSFER FROM 4897736162097	 	50,000.00	1,27,046.43
13 Aug 2023	13 Aug 2023	   TO TRANSFER-UPI/DR/359132933735/RICHA MI/UTIB/9650049341/NA--	TRANSFER TO 4897696162090	1,500.00	 	1,25,546.43
15 Aug 2023	15 Aug 2023	   TO TRANSFER-UPI/DR/322761651736/Add Mone/PYTM/add-money@/Oid20--	TRANSFER TO 4897691162095	98.10	 	1,25,448.33
16 Aug 2023	16 Aug 2023	   TO TRANSFER-UPI/DR/322840443774/POOJA  S/KKBK/poojasharm/UPI--	TRANSFER TO 4897692162094	10,000.00	 	1,15,448.33
17 Aug 2023	17 Aug 2023	   BY TRANSFER-UPI/CR/322977197509/JYOTI DUA/PUNB/jyotiduay2/Paym--	TRANSFER FROM 4897735162098	 	5,000.00	1,20,448.33
18 Aug 2023	18 Aug 2023	   TO TRANSFER-UPI/DR/323095751243/RAMAKRIS/PYTM/paytmqr1mf/Oid20--	TRANSFER TO 4897694162092	80.00	 	1,20,368.33
18 Aug 2023	18 Aug 2023	   DEBIT-ATMCard AMC  607431*6976 CLASSIC--		147.50	 	1,20,220.83
20 Aug 2023	20 Aug 2023	   TO TRANSFER-UPI/DR/359803043924/SANDEEP /PYTM/paytm-3591/Oid20--	TRANSFER TO 4897696162090	85.00	 	1,20,135.83
21 Aug 2023	21 Aug 2023	   ATM WDL-ATM CASH 7902  SECTOR-7, ROHINI      NORTH WEST--		20,000.00	 	1,00,135.83
21 Aug 2023	21 Aug 2023	   ATM WDL-ATM CASH 7904  SECTOR-7, ROHINI      NORTH WEST--		20,000.00	 	80,135.83
21 Aug 2023	21 Aug 2023	   TO TRANSFER-UPI/DR/359913643822/SALUJA E/KKBK/9810807530/NA--	TRANSFER TO 4897690162095	50,000.00	 	30,135.83
22 Aug 2023	22 Aug 2023	   TO TRANSFER-UPI/DR/360055211759/Jio Prep/PYTM/paytm-jiom/NA--	TRANSFER TO 4897691162095	155.00	 	29,980.83
22 Aug 2023	22 Aug 2023	   BY TRANSFER-UPI/CR/360045083250/Dev  Man/SBIN/dev.mancha/NA--	TRANSFER FROM 4897733162090	 	5,000.00	34,980.83
25 Aug 2023	25 Aug 2023	   TO TRANSFER-UPI/DR/323727346764/RICHA MI/UTIB/9650049341/NA--	TRANSFER TO 4897694162092	6,000.00	 	28,980.83
25 Aug 2023	25 Aug 2023	   BY TRANSFER-NEFT*UTIB0000431*AXOMB32379213701*RICHA MITTAL*fam--	TRANSFER FROM 4697224044302	 	6,000.00	34,980.83
26 Aug 2023	26 Aug 2023	   BY TRANSFER-UPI/CR/360433692616/PUSHKAR /HDFC/8800912375/NA--	TRANSFER FROM 4897737162096	 	2,000.00	36,980.83
27 Aug 2023	27 Aug 2023	   TO TRANSFER-UPI/DR/323930152170/RICHA MI/UTIB/9650049341/NA--	TRANSFER TO 4897696162090	4,000.00	 	32,980.83
27 Aug 2023	27 Aug 2023	   BY TRANSFER-UPI/CR/323930764165/MOHD SHA/BARB/9891246507/NA--	TRANSFER FROM 4897738162095	 	48,755.00	81,735.83
28 Aug 2023	28 Aug 2023	   TO TRANSFER-UPI/DR/324058708090/Jio Prep/PYTM/paytm-jiom/NA--	TRANSFER TO 4897690162095	155.00	 	81,580.83
28 Aug 2023	28 Aug 2023	   TO TRANSFER-UPI/DR/324011723376/Zerodha /HDFC/zerodhabro/48083--	TRANSFER TO 4897690162095	450.00	 	81,130.83
28 Aug 2023	28 Aug 2023	   BY TRANSFER-UPI/CR/324015504735/MD NADEEM/UTIB/9911402841/NA--	TRANSFER FROM 4897732162091	 	70,000.00	1,51,130.83
28 Aug 2023	28 Aug 2023	   TO TRANSFER-INB HDFC Bank Credit Card     HDFC Bank--	ZSBI1354785107IGAQCGPRJ9               TRANSFER TO	1,43,550.00	 	7,580.83
28 Aug 2023	28 Aug 2023	   BY TRANSFER-UPI/CR/324030940803/SUNDARAM/SBIN/9650905457/NA--	TRANSFER FROM 4897732162091	 	20,000.00	27,580.83
29 Aug 2023	29 Aug 2023	   TO TRANSFER-UPI/DR/360750877412/Muthoot /PYTM/ptmbfv@pay/Oid21--	TRANSFER TO 4897691162095	4,792.00	 	22,788.83
1 Sep 2023	1 Sep 2023	   BY TRANSFER-UPI/CR/324442212349/DEEPAK K/ICIC/9717106878/NA--	TRANSFER FROM 4897736162097	 	1,100.00	23,888.83
3 Sep 2023	3 Sep 2023	   BY TRANSFER-UPI/CR/324631790018/Prerna  /SBIN/9773651043/NA--	TRANSFER FROM 4897738162095	 	1,000.00	24,888.83
4 Sep 2023	4 Sep 2023	   TO TRANSFER-UPI/DR/324715566063/Zerodha/YESB/zerodhabro/536444--	TRANSFER TO 4897690162095	500.00	 	24,388.83
4 Sep 2023	4 Sep 2023	   TO TRANSFER-UPI/DR/324715723457/Prerna  /SBIN/9773651043/NA--	TRANSFER TO 4897690162095	1,000.00	 	23,388.83
5 Sep 2023	5 Sep 2023	   TO TRANSFER-UPI/DR/361405872273/Zerodha/ICIC/zerodha.ra/010740--	TRANSFER TO 4897691162095	1,000.00	 	22,388.83
5 Sep 2023	5 Sep 2023	   TO TRANSFER-UPI/DR/361413397407/Zerodha /HDFC/zerodhabro/67794--	TRANSFER TO 4897691162095	3,100.00	 	19,288.83
7 Sep 2023	7 Sep 2023	   TO TRANSFER-UPI/DR/325024037747/Shristi /SBIN/shristirai/UPI--	TRANSFER TO 4897693162093	5,000.00	 	14,288.83
8 Sep 2023	8 Sep 2023	   BY TRANSFER-UPI/CR/361734930562/DIPANSHU/UTIB/9958986657/NA--	TRANSFER FROM 4897736162097	 	31,500.00	45,788.83
10 Sep 2023	10 Sep 2023	   TO TRANSFER-UPI/DR/361943940346/MOHMMED /UBIN/7982277931/NA--	TRANSFER TO 4897696162090	45,000.00	 	788.83
12 Sep 2023	12 Sep 2023	   BY TRANSFER-NEFT*YESB0000001*YESB32556094276*ZERODHA BROKING L--	TRANSFER FROM 4697185044304	 	1,500.00	2,288.83
12 Sep 2023	12 Sep 2023	   BY TRANSFER-UPI/CR/362184268585/POOJA SH/PUNB/poojasharm/commi--	TRANSFER FROM 4897733162090	 	15,000.00	17,288.83
12 Sep 2023	12 Sep 2023	   BY TRANSFER-INB IMPS325518077982/9953777638/XX0476/BULD280157--	MAE000341324409          MAE000341324409          	 	4,860.00	22,148.83
13 Sep 2023	13 Sep 2023	   BY TRANSFER-UPI/CR/325624794389/DIPANSHU/UTIB/9958986657/NA--	TRANSFER FROM 4897734162099	 	20,000.00	42,148.83
13 Sep 2023	13 Sep 2023	   BY TRANSFER-UPI/CR/325664957445/SUSHIL K/UBIN/sushilkuma/UPI--	TRANSFER FROM 4897734162099	 	20,000.00	62,148.83
15 Sep 2023	15 Sep 2023	   BY TRANSFER-UPI/CR/325828095794/RICHA MI/UTIB/9650049341/NA--	TRANSFER FROM 4897736162097	 	50.00	62,198.83
15 Sep 2023	15 Sep 2023	   TO TRANSFER-UPI/DR/362476354939/Ashok/AIRP/paytm-7661/Oid20230--	TRANSFER TO 4897694162092	40.00	 	62,158.83
15 Sep 2023	15 Sep 2023	   TO TRANSFER-UPI/DR/362430392371/MODICARE/PYTM/paytm-7563/Oid20--	TRANSFER TO 4897694162092	35.00	 	62,123.83
16 Sep 2023	16 Sep 2023	   BY TRANSFER-UPI/CR/325944822352/DISHA MA/HDFC/7015032669/NA--	TRANSFER FROM 4897737162096	 	7,000.00	69,123.83
22 Sep 2023	22 Sep 2023	   TO TRANSFER-UPI/DR/326520347746/RICHA MI/UTIB/9650049341/NA--	TRANSFER TO 4897694162092	5,000.00	 	64,123.83
22 Sep 2023	22 Sep 2023	   TO TRANSFER-UPI/DR/326522377700/POONAM/PYTM/8376864049/NA--	TRANSFER TO 4897694162092	10.00	 	64,113.83
22 Sep 2023	22 Sep 2023	   TO TRANSFER-UPI/DR/363144157635/RICHA MI/UTIB/9650049341/NA--	TRANSFER TO 4897694162092	2,000.00	 	62,113.83
23 Sep 2023	23 Sep 2023	   TO TRANSFER-UPI/DR/326649997335/SHEELA/CNRB/8882616674/NA--	TRANSFER TO 4897695162091	5,000.00	 	57,113.83
25 Sep 2023	25 Sep 2023	   BY TRANSFER-NEFT*UTIB0000431*AXOMB32681381242*RICHA MITTAL*--	TRANSFER FROM 4697191044306	 	7,000.00	64,113.83
25 Sep 2023	25 Sep 2023	   CREDIT INTEREST---		 	331.00	64,444.83
26 Sep 2023	26 Sep 2023	   TO TRANSFER-UPI/DR/326914113578/Zerodha /HDFC/zerodhabro/06529--	TRANSFER TO 4897691162095	10,000.00	 	54,444.83
26 Sep 2023	26 Sep 2023	   TO TRANSFER-UPI/DR/326915120469/Zerodha/YESB/zerodhabro/910127--	TRANSFER TO 4897691162095	10,000.00	 	44,444.83
26 Sep 2023	26 Sep 2023	   TO TRANSFER-UPI/DR/363557204347/Muthoot /PYTM/ptmbfv@pay/Oid22--	TRANSFER TO 4897691162095	2,007.00	 	42,437.83
28 Sep 2023	28 Sep 2023	   TO TRANSFER-UPI/DR/327162517263/Jio Prep/PYTM/paytm-jiom/NA--	TRANSFER TO 4897693162093	155.00	 	42,282.83
29 Sep 2023	29 Sep 2023	   TO TRANSFER-UPI/DR/327253020258/Delhi Me/PYTM/paytm-8736/Oid22--	TRANSFER TO 4897694162092	100.00	 	42,182.83
30 Sep 2023	30 Sep 2023	   TO TRANSFER-UPI/DR/363958208808/Muthoot /PYTM/ptmbfv@pay/Oid22--	TRANSFER TO 4897695162091	4,792.00	 	37,390.83
30 Sep 2023	30 Sep 2023	   TO TRANSFER-UPI/DR/327305713205/MOHD   A/KKBK/aksamahmed/UPI--	TRANSFER TO 4897695162091	300.00	 	37,090.83
2 Oct 2023	2 Oct 2023	   BY TRANSFER-UPI/CR/327593838173/HARSH  M/SBIN/8368355126/Payme--	TRANSFER FROM 4897732162091	 	1.00	37,091.83
2 Oct 2023	2 Oct 2023	   BY TRANSFER-UPI/CR/364113905344/HARSH  M/SBIN/8368355126/NA--	TRANSFER FROM 4897732162091	 	1.00	37,092.83
2 Oct 2023	2 Oct 2023	   TO TRANSFER-UPI/DR/327536934233/PUNEET  /KKBK/9560183145/NA--	TRANSFER TO 4897690162095	498.00	 	36,594.83
5 Oct 2023	5 Oct 2023	   TO TRANSFER-UPI/DR/327818384607/HARSH  M/SBIN/8368355126/NA--	TRANSFER TO 4897693162093	1.00	 	36,593.83
5 Oct 2023	5 Oct 2023	   TO TRANSFER-UPI/DR/327818401959/HARSH  M/SBIN/8368355126/NA--	TRANSFER TO 4897693162093	30,000.00	 	6,593.83
5 Oct 2023	5 Oct 2023	   BY TRANSFER-UPI/CR/327828442047/HARSH  M/SBIN/8368355126/NA--	TRANSFER FROM 4897735162098	 	30,000.00	36,593.83
6 Oct 2023	6 Oct 2023	   BY TRANSFER-UPI/CR/364568768232/POOJA SH/PUNB/poojasharm/UPI--	TRANSFER FROM 4897736162097	 	15,000.00	51,593.83
7 Oct 2023	7 Oct 2023	   BY TRANSFER-NEFT*YESB0000001*YESB32805423113*ZERODHA BROKING L--	TRANSFER FROM 3199966044306	 	1,590.07	53,183.90
9 Oct 2023	9 Oct 2023	   TO TRANSFER-UPI/DR/328218403283/HARSH  M/SBIN/8368355126/NA--	TRANSFER TO 4897690162095	30,000.00	 	23,183.90
9 Oct 2023	9 Oct 2023	   BY TRANSFER-UPI/CR/328266530729/KABILASH/SBIN/881238501@/Payme--	TRANSFER FROM 4897732162091	 	1.00	23,184.90
9 Oct 2023	9 Oct 2023	   BY TRANSFER-UPI/CR/328214811352/KABILASH/SBIN/881238501@/Payme--	TRANSFER FROM 4897732162091	 	4,500.00	27,684.90
11 Oct 2023	11 Oct 2023	   TO TRANSFER-UPI/DR/365034067692/MANISH K/HDFC/9910878410/NA--	TRANSFER TO 4897692162094	5,000.00	 	22,684.90
12 Oct 2023	12 Oct 2023	   TO TRANSFER-UPI/DR/328524002340/SBIMOPS/SBIN/sbimops@sb/MOPSUP--	TRANSFER TO 4897693162093	900.00	 	21,784.90
14 Oct 2023	14 Oct 2023	   BY TRANSFER-UPI/CR/365249209951/DEVINDER/ICIC/8448176776/NA--	TRANSFER FROM 4897736162097	 	1.00	21,785.90
14 Oct 2023	14 Oct 2023	   BY TRANSFER-UPI/CR/365249267321/DEVINDER/ICIC/8448176776/NA--	TRANSFER FROM 4897736162097	 	5,149.00	26,934.90
18 Oct 2023	18 Oct 2023	   TO TRANSFER-UPI/DR/329156504368/Jio Prep/PYTM/paytm-jiom/NA--	TRANSFER TO 4897692162094	155.00	 	26,779.90
18 Oct 2023	18 Oct 2023	   TO TRANSFER-UPI/DR/329192918829/POOJA  S/KKBK/poojasharm/UPI--	TRANSFER TO 4897692162094	25,000.00	 	1,779.90
18 Oct 2023	18 Oct 2023	   BY TRANSFER-UPI/CR/365746643745/RICHA MI/UTIB/9650049341/NA--	TRANSFER FROM 4897734162099	 	28,500.00	30,279.90
19 Oct 2023	19 Oct 2023	   TO TRANSFER-UPI/DR/329211725590/POOJA  S/KKBK/poojasharm/UPI--	TRANSFER TO 4897693162093	25,000.00	 	5,279.90
20 Oct 2023	20 Oct 2023	   BULK POSTING-ACHCr NACH00000000023163 RAILVIKASNIGAM--		 	0.36	5,280.26
25 Oct 2023	25 Oct 2023	   TO TRANSFER-UPI/DR/366434362255/NIKHIL M/PYTM/9953969011/NA--	TRANSFER TO 4897692162094	100.00	 	5,180.26
27 Oct 2023	27 Oct 2023	   TO TRANSFER-UPI/DR/366656638548/Muthoot /PYTM/ptmbfv@pay/Oid22--	TRANSFER TO 4897694162092	1,944.00	 	3,236.26
30 Oct 2023	30 Oct 2023	   BY TRANSFER-UPI/CR/330315919524/NEELIMA /PUNB/anjali.ana/UPI--	TRANSFER FROM 4897732162091	 	2,500.00	5,736.26
30 Oct 2023	30 Oct 2023	   TO TRANSFER-UPI/DR/366962170572/Muthoot /PYTM/ptmbfv@pay/Oid22--	TRANSFER TO 4897691162095	4,492.00	 	1,244.26
6 Nov 2023	6 Nov 2023	   TO TRANSFER-UPI/DR/331012729774/ADITYA  /KKBK/adityagoya/Sent--	TRANSFER TO 4897690162095	1,000.00	 	244.26
8 Nov 2023	8 Nov 2023	   BY TRANSFER-UPI/CR/331245005026/KIRAN  B/SBIN/kirangrove/UPI--	TRANSFER FROM 4897734162099	 	7,000.00	7,244.26
8 Nov 2023	8 Nov 2023	   TO TRANSFER-UPI/DR/331227182920/Prerna  /SBIN/9773651043/NA--	TRANSFER TO 4897692162094	350.00	 	6,894.26
8 Nov 2023	8 Nov 2023	   BY TRANSFER-UPI/CR/367829919277/SAMEER B/PUNB/7838353132/NA--	TRANSFER FROM 4897734162099	 	1,200.00	8,094.26
11 Nov 2023	11 Nov 2023	   TO TRANSFER-UPI/DR/368123190981/DHRUV TA/UTIB/9811808099/Sent--	TRANSFER TO 4897695162091	2,000.00	 	6,094.26
13 Nov 2023	13 Nov 2023	   TO TRANSFER-UPI/DR/368320715215/Prerna  /SBIN/9773651043/NA--	TRANSFER TO 4897690162095	4,635.00	 	1,459.26
14 Nov 2023	14 Nov 2023	   BY TRANSFER-UPI/CR/331815146391/DEVINDER/ICIC/8448176776/NA--	TRANSFER FROM 4897733162090	 	5,000.00	6,459.26
16 Nov 2023	16 Nov 2023	   TO TRANSFER-UPI/DR/332052688475/Jio Prep/PYTM/paytm-jiom/NA--	TRANSFER TO 4897693162093	155.00	 	6,304.26
16 Nov 2023	16 Nov 2023	   BY TRANSFER-UPI/CR/332036539746/HARSH  M/SBIN/harshmitta/UPI--	TRANSFER FROM 4897735162098	 	1.00	6,305.26
18 Nov 2023	18 Nov 2023	   BY TRANSFER-UPI/CR/332243935193/RANJANA /CNRB/9312023729/NA--	TRANSFER FROM 4897737162096	 	20,000.00	26,305.26
21 Nov 2023	21 Nov 2023	   TO TRANSFER-UPI/DR/369114186013/RICHA MI/UTIB/9650049341/NA--	TRANSFER TO 4897691162095	300.00	 	26,005.26
21 Nov 2023	21 Nov 2023	   TO TRANSFER-UPI/DR/369114302428/Prerna  /SBIN/9773651043/NA--	TRANSFER TO 4897691162095	1,650.00	 	24,355.26
23 Nov 2023	23 Nov 2023	   TO TRANSFER-UPI/DR/332759582920/Transit /PYTM/ptmncmt@pa/Oid22--	TRANSFER TO 4897693162093	300.00	 	24,055.26
23 Nov 2023	23 Nov 2023	   TO TRANSFER-UPI/DR/369310466206/HARSH  M/SBIN/8368355126/NA--	TRANSFER TO 4897693162093	6,000.00	 	18,055.26
24 Nov 2023	24 Nov 2023	   BY TRANSFER-UPI/CR/332829419895/RICHA MI/UTIB/9650049341/NA--	TRANSFER FROM 4897736162097	 	300.00	18,355.26
28 Nov 2023	28 Nov 2023	   TO TRANSFER-UPI/DR/333260994029/Muthoot /PYTM/ptmbfv@pay/Oid22--	TRANSFER TO 4897691162095	2,007.00	 	16,348.26
1 Dec 2023	1 Dec 2023	   TO TRANSFER-UPI/DR/333568245849/Muthoot /PYTM/ptmbfv@pay/Oid22--	TRANSFER TO 4897694162092	4,792.00	 	11,556.26
6 Dec 2023	6 Dec 2023	   TO TRANSFER-UPI/DR/370619568315/Zerodha/YESB/zerodhabro/479030--	TRANSFER TO 4897692162094	2,000.00	 	9,556.26
7 Dec 2023	7 Dec 2023	   TO TRANSFER-UPI/DR/370707509342/Zerodha/ICIC/zerodha.ra/211927--	TRANSFER TO 4897693162093	3,000.00	 	6,556.26
7 Dec 2023	7 Dec 2023	   TO TRANSFER-UPI/DR/370714317641/Zerodha /HDFC/zerodhabro/02488--	TRANSFER TO 4897693162093	3,000.00	 	3,556.26
7 Dec 2023	7 Dec 2023	   BY TRANSFER-UPI/REV/370714317641--	TRANSFER FROM 4897693162093	 	3,000.00	6,556.26
7 Dec 2023	7 Dec 2023	   CSH DEP (CDM)-8745968206--		 	49,500.00	56,056.26
7 Dec 2023	7 Dec 2023	CDM SERVICE CHARGES---38976288	38976288	25.96	 	56,030.30
7 Dec 2023	7 Dec 2023	   TO TRANSFER-UPI/DR/370710522797/RICHA MI/UTIB/9650049341/NA--	TRANSFER TO 4897693162093	49,500.00	 	6,530.30
7 Dec 2023	7 Dec 2023	   TO TRANSFER-UPI/DR/334123501037/Zerodha/ICIC/zerodha.ra/169558--	TRANSFER TO 4897693162093	5,000.00	 	1,530.30
7 Dec 2023	7 Dec 2023	   BY TRANSFER-UPI/CR/334124299622/HARSH  M/SBIN/8368355126/NA--	TRANSFER FROM 4897735162098	 	8,800.00	10,330.30
7 Dec 2023	7 Dec 2023	   TO TRANSFER-UPI/DR/334124628225/Zerodha/ICIC/zerodha.ra/818133--	TRANSFER TO 4897693162093	5,000.00	 	5,330.30
8 Dec 2023	8 Dec 2023	   TO TRANSFER-UPI/DR/370801332198/Zerodha/ICIC/zerodha.ra/443063--	TRANSFER TO 4897694162092	2,000.00	 	3,330.30
10 Dec 2023	10 Dec 2023	   TO TRANSFER-UPI/DR/334458828367/Jio Prep/PYTM/paytm-jiom/UPI--	TRANSFER TO 4897696162090	155.00	 	3,175.30
11 Dec 2023	11 Dec 2023	   TO TRANSFER-UPI/DR/334566070189/Muthoot /PYTM/ptmbfv@pay/Oid22--	TRANSFER TO 4897690162095	2,103.00	 	1,072.30
11 Dec 2023	11 Dec 2023	   BY TRANSFER-UPI/CR/371110226479/ANNAPOOR/IOBA/sakshivino/UPI--	TRANSFER FROM 4897732162091	 	2,500.00	3,572.30
11 Dec 2023	11 Dec 2023	   BY TRANSFER-UPI/CR/371126434140/ANNAPOOR/IOBA/sakshivino/UPI--	TRANSFER FROM 4897732162091	 	2,500.00	6,072.30
12 Dec 2023	12 Dec 2023	   TO TRANSFER-UPI/DR/371203264290/Zerodha /HDFC/zerodhabro/05497--	TRANSFER TO 4897691162095	5,000.00	 	1,072.30
12 Dec 2023	12 Dec 2023	   BY TRANSFER-UPI/CR/334617516900/MOHD SHA/BARB/9891246507/NA--	TRANSFER FROM 4897733162090	 	2,000.00	3,072.30
12 Dec 2023	12 Dec 2023	   BY TRANSFER-UPI/CR/334617549861/MOHAMMAD/UTIB/9891246507/NA--	TRANSFER FROM 4897733162090	 	5,000.00	8,072.30
12 Dec 2023	12 Dec 2023	   TO TRANSFER-UPI/DR/371214617723/Zerodha /HDFC/zerodhabro/89948--	TRANSFER TO 4897691162095	7,000.00	 	1,072.30
12 Dec 2023	12 Dec 2023	   BY TRANSFER-UPI/CR/334680841516/POOJA SH/PUNB/poojasharm/commi--	TRANSFER FROM 4897733162090	 	10,000.00	11,072.30
13 Dec 2023	13 Dec 2023	   TO TRANSFER-UPI/DR/371317477988/Prerna  /SBIN/9773651043/NA--	TRANSFER TO 4897692162094	4,000.00	 	7,072.30
13 Dec 2023	13 Dec 2023	   TO TRANSFER-UPI/DR/334726037354/Prerna  /SBIN/9773651043/NA--	TRANSFER TO 4897692162094	2,000.00	 	5,072.30
13 Dec 2023	13 Dec 2023	   TO TRANSFER-UPI/DR/334727642515/Zerodha/ICIC/zerodha.ra/010126--	TRANSFER TO 4897692162094	500.00	 	4,572.30
14 Dec 2023	14 Dec 2023	   TO TRANSFER-UPI/DR/334822793972/U Kart O/UTIB/gpay-11222/NA--	TRANSFER TO 4897693162093	500.00	 	4,072.30
14 Dec 2023	14 Dec 2023	   TO TRANSFER-UPI/DR/371420472687/HARSH  M/SBIN/8368355126/NA--	TRANSFER TO 4897693162093	650.00	 	3,422.30
15 Dec 2023	15 Dec 2023	   TO TRANSFER-UPI/DR/371518160922/Prerna  /SBIN/9773651043/NA--	TRANSFER TO 4897694162092	2,000.00	 	1,422.30
15 Dec 2023	15 Dec 2023	   TO TRANSFER-UPI/DR/371518218171/Prerna  /SBIN/9773651043/NA--	TRANSFER TO 4897694162092	1,000.00	 	422.30
15 Dec 2023	15 Dec 2023	   CSH DEP (CDM)-CDM7040103SECTOR-5, ROHINI      NORTH WEST   DL IN--		 	29,500.00	29,922.30
15 Dec 2023	15 Dec 2023	   CASH DEPOSIT-CASH Deposited at GCC--		 	1,000.00	30,922.30
15 Dec 2023	15 Dec 2023	   TO TRANSFER-UPI/DR/334929089350/HARSH  M/SBIN/8368355126/NA--	TRANSFER TO 4897694162092	2,000.00	 	28,922.30
16 Dec 2023	16 Dec 2023	   TO TRANSFER-UPI/DR/371602202564/HARSH  M/SBIN/8368355126/NA--	TRANSFER TO 4897695162091	15,000.00	 	13,922.30
16 Dec 2023	16 Dec 2023	   TO TRANSFER-UPI/DR/371626233627/SAMEER B/PUNB/7838353132/NA--	TRANSFER TO 4897695162091	1.00	 	13,921.30
16 Dec 2023	16 Dec 2023	   TO TRANSFER-UPI/DR/371626347225/HARSH/CNRB/8398064083/NA--	TRANSFER TO 4897695162091	3,000.00	 	10,921.30
17 Dec 2023	17 Dec 2023	   TO TRANSFER-UPI/DR/371719346026/COMMODUM/PYTM/paytm-7343/Oidze--	TRANSFER TO 4897696162090	87.00	 	10,834.30
18 Dec 2023	18 Dec 2023	   TO TRANSFER-UPI/DR/371813286364/ADITYA  /KKBK/adityagoya/Sent--	TRANSFER TO 4897690162095	1,000.00	 	9,834.30
18 Dec 2023	18 Dec 2023	   BY TRANSFER-UPI/CR/335244368440/DEVINDER/ICIC/8448176776/NA--	TRANSFER FROM 4897732162091	 	3,000.00	12,834.30

**This is a computer generated statement and does not require a signature

